<?xml version="1.0" encoding="UTF-8"?>
<marc:record xmlns:marc="http://www.loc.gov/MARC21/slim"
             xmlns:xsi="http://www.w3.org/2001/XMLSchema-instance">
   <marc:leader>01286cam a22003733  4500</marc:leader>
   <marc:controlfield tag="001">39149676</marc:controlfield>
   <marc:controlfield tag="005">20221011195804.9</marc:controlfield>
   <marc:controlfield tag="008">980520s1918    ilua     bm   000 0 eng d</marc:controlfield>
   <marc:datafield tag="040" ind1=" " ind2=" ">
      <marc:subfield code="a">NYP</marc:subfield>
      <marc:subfield code="b">eng</marc:subfield>
      <marc:subfield code="c">NYP</marc:subfield>
      <marc:subfield code="d">AGL</marc:subfield>
      <marc:subfield code="d">OCLCQ</marc:subfield>
      <marc:subfield code="d">OCLCO</marc:subfield>
      <marc:subfield code="d">OCLCF</marc:subfield>
      <marc:subfield code="d">OCLCQ</marc:subfield>
      <marc:subfield code="d">OCLCO</marc:subfield>
      <marc:subfield code="d">OCLCQ</marc:subfield>
      <marc:subfield code="d">AGL</marc:subfield>
   </marc:datafield>
   <marc:datafield tag="016" ind1="7" ind2=" ">
      <marc:subfield code="a">CAT10909071</marc:subfield>
      <marc:subfield code="2">DNAL</marc:subfield>
   </marc:datafield>
   <marc:datafield tag="043" ind1=" " ind2=" ">
      <marc:subfield code="a">n-us---</marc:subfield>
   </marc:datafield>
   <marc:datafield tag="070" ind1="0" ind2=" ">
      <marc:subfield code="a">284.2</marc:subfield>
      <marc:subfield code="b">L32</marc:subfield>
   </marc:datafield>
   <marc:datafield tag="072" ind1=" " ind2="0">
      <marc:subfield code="a">E100</marc:subfield>
   </marc:datafield>
   <marc:datafield tag="072" ind1=" " ind2="0">
      <marc:subfield code="a">L100</marc:subfield>
   </marc:datafield>
   <marc:datafield tag="049" ind1=" " ind2=" ">
      <marc:subfield code="a">AGLL</marc:subfield>
   </marc:datafield>
   <marc:datafield tag="100" ind1="1" ind2=" ">
      <marc:subfield code="a">Larmer, Forrest M.</marc:subfield>
      <marc:subfield code="q">(Forrest Mabry)</marc:subfield>
   </marc:datafield>
   <marc:datafield tag="245" ind1="1" ind2="5">
      <marc:subfield code="a">"The cattle loan company" ... /</marc:subfield>
      <marc:subfield code="c">by Forrest M. Larmer.</marc:subfield>
   </marc:datafield>
   <marc:datafield tag="260" ind1=" " ind2=" ">
      <marc:subfield code="a">Chicago,</marc:subfield>
      <marc:subfield code="c">1918.</marc:subfield>
   </marc:datafield>
   <marc:datafield tag="300" ind1=" " ind2=" ">
      <marc:subfield code="a">ii, 95, vi f. including tables ;</marc:subfield>
      <marc:subfield code="c">4to</marc:subfield>
   </marc:datafield>
   <marc:datafield tag="336" ind1=" " ind2=" ">
      <marc:subfield code="a">text</marc:subfield>
      <marc:subfield code="b">txt</marc:subfield>
      <marc:subfield code="2">rdacontent</marc:subfield>
   </marc:datafield>
   <marc:datafield tag="337" ind1=" " ind2=" ">
      <marc:subfield code="a">unmediated</marc:subfield>
      <marc:subfield code="b">n</marc:subfield>
      <marc:subfield code="2">rdamedia</marc:subfield>
   </marc:datafield>
   <marc:datafield tag="338" ind1=" " ind2=" ">
      <marc:subfield code="a">volume</marc:subfield>
      <marc:subfield code="b">nc</marc:subfield>
      <marc:subfield code="2">rdacarrier</marc:subfield>
   </marc:datafield>
   <marc:datafield tag="502" ind1=" " ind2=" ">
      <marc:subfield code="c">University of Chicago</marc:subfield>
      <marc:subfield code="d">1918</marc:subfield>
   </marc:datafield>
   <marc:datafield tag="500" ind1=" " ind2=" ">
      <marc:subfield code="a">Typewritten.</marc:subfield>
   </marc:datafield>
   <marc:datafield tag="502" ind1=" " ind2=" ">
      <marc:subfield code="a">Dissertation, Univ. of Chicago, 1918.</marc:subfield>
   </marc:datafield>
   <marc:datafield tag="504" ind1=" " ind2=" ">
      <marc:subfield code="a">Bibliography, f. i-vi.</marc:subfield>
   </marc:datafield>
   <marc:datafield tag="650" ind1=" " ind2="0">
      <marc:subfield code="a">Cattle trade</marc:subfield>
      <marc:subfield code="z">United States.</marc:subfield>
   </marc:datafield>
   <marc:datafield tag="650" ind1=" " ind2="0">
      <marc:subfield code="a">Animal industry</marc:subfield>
      <marc:subfield code="z">United States</marc:subfield>
      <marc:subfield code="x">Finance.</marc:subfield>
   </marc:datafield>
   <marc:datafield tag="650" ind1=" " ind2="0">
      <marc:subfield code="a">Agricultural credit</marc:subfield>
      <marc:subfield code="z">United States.</marc:subfield>
   </marc:datafield>
   <marc:datafield tag="650" ind1=" " ind2="4">
      <marc:subfield code="a">Cattle</marc:subfield>
      <marc:subfield code="x">Trade and Industry</marc:subfield>
      <marc:subfield code="z">United States.</marc:subfield>
   </marc:datafield>
   <marc:datafield tag="650" ind1=" " ind2="4">
      <marc:subfield code="a">Cattle loan companies.</marc:subfield>
   </marc:datafield>
   <marc:datafield tag="655" ind1=" " ind2="7">
      <marc:subfield code="a">Academic theses.</marc:subfield>
      <marc:subfield code="2">fast</marc:subfield>
      <marc:subfield code="0">(OCoLC)fst01726453</marc:subfield>
   </marc:datafield>
   <marc:datafield tag="655" ind1=" " ind2="7">
      <marc:subfield code="a">Academic theses.</marc:subfield>
      <marc:subfield code="2">lcgft</marc:subfield>
   </marc:datafield>
   <marc:datafield tag="655" ind1=" " ind2="7">
      <marc:subfield code="a">Thèses et écrits académiques.</marc:subfield>
      <marc:subfield code="2">rvmgf</marc:subfield>
      <marc:subfield code="0">(CaQQLa)RVMGF-000001173</marc:subfield>
   </marc:datafield>
</marc:record>
